<?xml version="1.0" encoding="UTF-8"?><collection xmlns="http://www.loc.gov/MARC21/slim"><record><leader>00527nam--2200181-u-4500</leader><controlfield tag="001">000056843</controlfield><controlfield tag="002">20191114</controlfield><controlfield tag="005">20191114070208</controlfield><controlfield tag="008">191114s1000------------r-----000-0-rum-d</controlfield><datafield ind1=" " ind2=" " tag="040"><subfield code="a">IFIN-HH</subfield></datafield><datafield ind1=" " ind2=" " tag="041"><subfield code="a">rum</subfield></datafield><datafield ind1="1" ind2=" " tag="100"><subfield code="a">Jalba, Liviu</subfield></datafield><datafield ind1="1" ind2="0" tag="245"><subfield code="a">Caiete de cuantica pentru entuziasti. Caietul al doilea. Crestomatie de fizica moderna</subfield><subfield code="c">Liviu Jalba</subfield></datafield><datafield ind1=" " ind2=" " tag="260"><subfield code="a">Bucuresti</subfield><subfield code="b">Fundatia Floarea Darurilor</subfield><subfield code="c">2018</subfield></datafield><datafield ind1=" " ind2=" " tag="300"><subfield code="a">pag. dif</subfield></datafield><datafield ind1=" " ind2=" " tag="500"><subfield code="a">Donatie Liviu Jalba</subfield></datafield><datafield ind1=" " ind2=" " tag="852"><subfield code="a">82751</subfield><subfield code="c">530.14</subfield></datafield><datafield ind1=" " ind2=" " tag="CAT"><subfield code="a">SYS</subfield><subfield code="c">20191114</subfield><subfield code="h">070208</subfield></datafield></record></collection>